<?xml version="1.0" encoding="UTF-8"?><collection xmlns="http://www.loc.gov/MARC21/slim"><record><leader>00566nam--2200205-u-4500</leader><controlfield tag="001">000052928</controlfield><controlfield tag="002">20161230</controlfield><controlfield tag="005">20161230201050</controlfield><controlfield tag="008">101129s1000------------r-----000-0-eng-d</controlfield><datafield ind1=" " ind2=" " tag="020"><subfield code="a">9810209355</subfield></datafield><datafield ind1=" " ind2=" " tag="040"><subfield code="a">IFIN-HH</subfield></datafield><datafield ind1=" " ind2=" " tag="080"><subfield code="a">535:548</subfield></datafield><datafield ind1="1" ind2=" " tag="100"><subfield code="a">Khoo, Iam-choon</subfield></datafield><datafield ind1="1" ind2="0" tag="245"><subfield code="a">Optics and nonlinear optics of liquid crystals</subfield><subfield code="c">Iam-choon khoo; shim-tson wu</subfield></datafield><datafield ind1=" " ind2=" " tag="260"><subfield code="a">HONG KONG</subfield><subfield code="b">World Scientific</subfield><subfield code="c">1993</subfield></datafield><datafield ind1=" " ind2=" " tag="300"><subfield code="a">425P</subfield></datafield><datafield ind1=" " ind2=" " tag="490"><subfield code="a">Series In Nonlinear Optics</subfield><subfield code="v">vol. 1</subfield></datafield><datafield ind1="1" ind2=" " tag="700"><subfield code="a">Wu, Shin-tson</subfield></datafield><datafield ind1=" " ind2=" " tag="852"><subfield code="a">80598</subfield><subfield code="c">535</subfield></datafield><datafield ind1=" " ind2=" " tag="CAT"><subfield code="a">Sys</subfield><subfield code="c">20101129</subfield><subfield code="h">144747</subfield></datafield></record></collection>